@article{christensen20123+,
  title={The 3+ 1 Approach to Software Architecture Description Using UML Revision 2.3},
  author={Christensen, Henrik B{\ae}rbak and Corry, Aino and Hansen, Klaus Marius},
  year={2012}
}